%
% BibTex Database
% ===========================================================================
% This is part of the document "Project documentation template".
% Authors: brd3
%

@misc{Stainless:documentation,
  author = "{Stainless documentation}",
  url = {https://epfl-lara.github.io/stainless/},
}

@misc{Stainless:github,
  author = "{Source code of Stainless}",
  url = {https://github.com/epfl-lara/stainless},
}

@misc{BitcoinSProject,
  author = "{Source code of Bitcoin-S}",
  url = {https://github.com/bitcoin-s},
}

@misc{BitcoinSCore:txbuilderexample,
  title = {{Transaction Builder Example}},
  url = {https://github.com/bitcoin-s/bitcoin-s/blob/master/docs/core/txbuilder.md},
}

@misc{cve201817144,
  title = {{Bitcoin Core Bug CVE-2018â€“17144: An Analysis}},
  url = {https://hackernoon.com/bitcoin-core-bug-cve-2018-17144-an-analysis-f80d9d373362}
}