

@misc{Stainless:documentation,
  author = "{Stainless documentation}",
  url = {https://epfl-lara.github.io/stainless/},
  note = {Accessed 2019-06-19}
}

@misc{Stainless:github,
  author = "{The Stainless developers}",
  title = "The Stainless repository",
  url = {https://github.com/epfl-lara/stainless},
  note = {Accessed 2019-06-19}
}


@misc{Stainless:issue519,
  author = "Ramon Boss",
  title = "Issue 519: Unknown type parameter type {T} in self referencing generic",
  url = {https://github.com/epfl-lara/stainless/issues/519},
  note = {Accessed 2019-06-27}
}

@misc{Stainless:pull470,
  author = "{The Stainless developers}",
  title = "Pull request 470: Type aliases, type members, and dependent function types",
  url = {https://github.com/epfl-lara/stainless/pull/470},
  note = {Accessed 2019-06-27}
}


@misc{BitcoinS:github,
  author = "{The bitcoin-s developers}",
  title = "The bitcoin-s repository",
  url = {https://github.com/bitcoin-s},
  note = {Accessed 2019-06-19}
}

@misc{BitcoinS:pull435,
  author = "Ramon Boss",
  title = "Transaction can reference two different outputs of the same previous transaction",
  url = {https://github.com/bitcoin-s/bitcoin-s/pull/435},
  note = {Accessed 2019-06-19}
}


@misc{BitcoinS:website,
  author = "{Suredbits \& the bitcoin-s developers}",
  title = "The bitcoin-s website",
  url = {https://bitcoin-s.org},
  note = {Accessed 2019-06-19}
}

@misc{cve201817144,
  author = {Jimmy Song},
  title = {{Bitcoin Core Bug CVE-2018â€“17144: An Analysis}},
  url = {https://hackernoon.com/bitcoin-core-bug-cve-2018-17144-an-analysis-f80d9d373362},
  note = {Accessed 2019-06-20}
}

@inproceedings{DBLP:conf/pldi/VoirolKK15,
  author    = {Nicolas Voirol and
               Etienne Kneuss and
               Viktor Kuncak},
  title     = {Counter-example complete verification for higher-order functions},
  booktitle = {Proceedings of the 6th {ACM} {SIGPLAN} Symposium on Scala, Scala@PLDI
               2015, Portland, OR, USA, June 15-17, 2015},
  pages     = {18--29},
  year      = {2015},
  crossref  = {DBLP:conf/pldi/2015scala},
  doi       = {10.1145/2774975.2774978},
  timestamp = {Tue, 06 Nov 2018 16:59:30 +0100},
  biburl    = {https://dblp.org/rec/bib/conf/pldi/VoirolKK15},
  bibsource = {dblp computer science bibliography, https://dblp.org}
}

@inproceedings{DBLP:conf/pldi/BlancK15,
  author    = {R{\'{e}}gis Blanc and
               Viktor Kuncak},
  title     = {Sound reasoning about integral data types with a reusable {SMT} solver
               interface},
  booktitle = {Proceedings of the 6th {ACM} {SIGPLAN} Symposium on Scala, Scala@PLDI
               2015, Portland, OR, USA, June 15-17, 2015},
  pages     = {35--40},
  year      = {2015},
  crossref  = {DBLP:conf/pldi/2015scala},
  doi       = {10.1145/2774975.2774980},
  timestamp = {Tue, 06 Nov 2018 16:59:30 +0100},
  biburl    = {https://dblp.org/rec/bib/conf/pldi/BlancK15},
  bibsource = {dblp computer science bibliography, https://dblp.org}
}

@proceedings{DBLP:conf/pldi/2015scala,
  editor    = {Philipp Haller and
               Heather Miller},
  title     = {Proceedings of the 6th {ACM} {SIGPLAN} Symposium on Scala, Scala@PLDI
               2015, Portland, OR, USA, June 15-17, 2015},
  publisher = {{ACM}},
  year      = {2015},
  isbn      = {978-1-4503-3626-0},
  timestamp = {Tue, 11 Apr 2017 09:25:21 +0200},
  biburl    = {https://dblp.org/rec/bib/conf/pldi/2015scala},
  bibsource = {dblp computer science bibliography, https://dblp.org}
}

@inproceedings{DBLP:conf/ecoop/BlancKKS13,
  author    = {R{\'{e}}gis Blanc and
               Viktor Kuncak and
               Etienne Kneuss and
               Philippe Suter},
  title     = {An overview of the Leon verification system: verification by translation
               to recursive functions},
  booktitle = {Proceedings of the 4th Workshop on Scala, SCALA@ECOOP 2013, Montpellier,
               France, July 2, 2013},
  pages     = {1:1--1:10},
  year      = {2013},
  crossref  = {DBLP:conf/ecoop/2013scala},
  doi       = {10.1145/2489837.2489838},
  timestamp = {Tue, 06 Nov 2018 16:59:31 +0100},
  biburl    = {https://dblp.org/rec/bib/conf/ecoop/BlancKKS13},
  bibsource = {dblp computer science bibliography, https://dblp.org}
}

@proceedings{DBLP:conf/ecoop/2013scala,
  title     = {Proceedings of the 4th Workshop on Scala, SCALA@ECOOP 2013, Montpellier,
               France, July 2, 2013},
  publisher = {{ACM}},
  year      = {2013},
  doi       = {10.1145/2489837},
  isbn      = {978-1-4503-2064-1},
  timestamp = {Tue, 06 Nov 2018 16:59:31 +0100},
  biburl    = {https://dblp.org/rec/bib/conf/ecoop/2013scala},
  bibsource = {dblp computer science bibliography, https://dblp.org}
}